
@inproceedings{zhang2016case,
  title={Case: Cache-assisted secure execution on arm processors},
  author={Zhang, Ning and Sun, Kun and Lou, Wenjing and Hou, Y Thomas},
  booktitle={2016 IEEE Symposium on Security and Privacy (SP)},
  pages={72--90},
  year={2016},
  organization={IEEE}
} 

@inproceedings{azab2014hypervision,
  title={Hypervision across worlds: Real-time kernel protection from the arm trustzone secure world},
  author={Azab, Ahmed M and Ning, Peng and Shah, Jitesh and Chen, Quan and Bhutkar, Rohan and Ganesh, Guruprasad and Ma, Jia and Shen, Wenbo},
  booktitle={Proceedings of the 2014 ACM SIGSAC Conference on Computer and Communications Security},
  pages={90--102},
  year={2014}
} 

@inproceedings{zhou2014armlock,
  title={Armlock: Hardware-based fault isolation for arm},
  author={Zhou, Yajin and Wang, Xiaoguang and Chen, Yue and Wang, Zhi},
  booktitle={Proceedings of the 2014 ACM SIGSAC conference on computer and communications security},
  pages={558--569},
  year={2014}
}


@inproceedings{jang2015secret,
  title={Secret: Secure channel between rich execution environment and trusted execution environment.},
  author={Jang, Jin Soo and Kong, Sunjune and Kim, Minsu and Kim, Daegyeong and Kang, Brent Byunghoon},
  booktitle={NDSS},
  pages={1--15},
  year={2015}
}


@inproceedings{kocher1999differential,
  title={Differential power analysis},
  author={Kocher, Paul and Jaffe, Joshua and Jun, Benjamin},
  booktitle={Annual international cryptology conference},
  pages={388--397},
  year={1999},
  organization={Springer}
} 

@inproceedings{kocher1996timing,
  title={Timing attacks on implementations of Diffie-Hellman, RSA, DSS, and other systems},
  author={Kocher, Paul C},
  booktitle={Annual International Cryptology Conference},
  pages={104--113},
  year={1996},
  organization={Springer}
}

@article{王崇2021缓存侧信道防御研究综述,
  title={缓存侧信道防御研究综述},
  author={王崇 and 魏帅 and 张帆 and 宋克},
  journal={计算机研究与发展},
  volume={58},
  number={4},
  pages={794},
  year={2021}
}


@inproceedings{genkin2016ecdsa,
  title={ECDSA key extraction from mobile devices via nonintrusive physical side channels},
  author={Genkin, Daniel and Pachmanov, Lev and Pipman, Itamar and Tromer, Eran and Yarom, Yuval},
  booktitle={Proceedings of the 2016 ACM SIGSAC Conference on Computer and Communications Security},
  pages={1626--1638},
  year={2016}
}

@inproceedings{genkin2014rsa,
  title={RSA key extraction via low-bandwidth acoustic cryptanalysis},
  author={Genkin, Daniel and Shamir, Adi and Tromer, Eran},
  booktitle={Annual cryptology conference},
  pages={444--461},
  year={2014},
  organization={Springer}
}

@article{bernstein2005cache,
  title={Cache-timing attacks on AES},
  author={Bernstein, Daniel J},
  year={2005},
  publisher={Citeseer}
}

@inproceedings{aciiccmez2006trace,
  title={Trace-driven cache attacks on AES (short paper)},
  author={Ac{\i}i{\c{c}}mez, Onur and Ko{\c{c}}, {\c{C}}etin Kaya},
  booktitle={International Conference on Information and Communications Security},
  pages={112--121},
  year={2006},
  organization={Springer}
} 

@misc{percival2005cache,
  title={Cache missing for fun and profit},
  author={Percival, Colin},
  year={2005},
  publisher={BSDCan Ottawa}
}


@inproceedings{osvik2006cache,
  title={Cache attacks and countermeasures: the case of AES},
  author={Osvik, Dag Arne and Shamir, Adi and Tromer, Eran},
  booktitle={Cryptographers’ track at the RSA conference},
  pages={1--20},
  year={2006},
  organization={Springer}
} 

@inproceedings{gullasch2011cache,
  title={Cache games--bringing access-based cache attacks on AES to practice},
  author={Gullasch, David and Bangerter, Endre and Krenn, Stephan},
  booktitle={2011 IEEE Symposium on Security and Privacy},
  pages={490--505},
  year={2011},
  organization={IEEE}
}

@inproceedings{yarom2014flush+,
  title={$\{$FLUSH+ RELOAD$\}$: A High Resolution, Low Noise, L3 Cache $\{$Side-Channel$\}$ Attack},
  author={Yarom, Yuval and Falkner, Katrina},
  booktitle={23rd USENIX security symposium (USENIX security 14)},
  pages={719--732},
  year={2014}
}

@mastersthesis{袁稚炜2019基于差分,
  title={基于差分 F\_ (LUSH)+ R\_ (ELOAD) 的缓存侧信道攻击方法研究},
  author={袁稚炜},
  year={2019},
  school={南京航空航天大学}
}


@inproceedings{ristenpart2009hey,
  title={Hey, you, get off of my cloud: exploring information leakage in third-party compute clouds},
  author={Ristenpart, Thomas and Tromer, Eran and Shacham, Hovav and Savage, Stefan},
  booktitle={Proceedings of the 16th ACM conference on Computer and communications security},
  pages={199--212},
  year={2009}
} 

@inproceedings{zhang2012cross,
  title={Cross-VM side channels and their use to extract private keys},
  author={Zhang, Yinqian and Juels, Ari and Reiter, Michael K and Ristenpart, Thomas},
  booktitle={Proceedings of the 2012 ACM conference on Computer and communications security},
  pages={305--316},
  year={2012}
}


@inproceedings{weiss2012cache,
  title={A cache timing attack on AES in virtualization environments},
  author={Wei{\ss}, Michael and Heinz, Benedikt and Stumpf, Frederic},
  booktitle={International Conference on Financial Cryptography and Data Security},
  pages={314--328},
  year={2012},
  organization={Springer}
}

@inproceedings{zhang2016return,
  title={Return-oriented flush-reload side channels on arm and their implications for android devices},
  author={Zhang, Xiaokuan and Xiao, Yuan and Zhang, Yinqian},
  booktitle={Proceedings of the 2016 ACM SIGSAC Conference on Computer and Communications Security},
  pages={858--870},
  year={2016}
}

@inproceedings{lipp2016armageddon,
  title={$\{$ARMageddon$\}$: Cache Attacks on Mobile Devices},
  author={Lipp, Moritz and Gruss, Daniel and Spreitzer, Raphael and Maurice, Cl{\'e}mentine and Mangard, Stefan},
  booktitle={25th USENIX Security Symposium (USENIX Security 16)},
  pages={549--564},
  year={2016}
} 

@article{zhang2016truspy,
  title={Truspy: Cache side-channel information leakage from the secure world on arm devices},
  author={Zhang, Ning and Sun, Kun and Shands, Deborah and Lou, Wenjing and Hou, Y Thomas},
  journal={Cryptology ePrint Archive},
  year={2016}
}

@inproceedings{guanciale2016cache,
  title={Cache storage channels: Alias-driven attacks and verified countermeasures},
  author={Guanciale, Roberto and Nemati, Hamed and Baumann, Christoph and Dam, Mads},
  booktitle={2016 IEEE Symposium on Security and Privacy (SP)},
  pages={38--55},
  year={2016},
  organization={IEEE}
}


@article{holdings2009arm,
  title={ARM security technology: Building a secure system using trustzone technology},
  author={Holdings, ARM},
  journal={Retrieved on June},
  volume={10},
  pages={2021},
  year={2009}
}

@inproceedings{neve2006advances,
  title={Advances on access-driven cache attacks on AES},
  author={Neve, Michael and Seifert, Jean-Pierre},
  booktitle={International Workshop on Selected Areas in Cryptography},
  pages={147--162},
  year={2006},
  organization={Springer}
}


@inproceedings{crane2015thwarting,
  title={Thwarting cache side-channel attacks through dynamic software diversity.},
  author={Crane, Stephen and Homescu, Andrei and Brunthaler, Stefan and Larsen, Per and Franz, Michael},
  booktitle={NDSS},
  pages={8--11},
  year={2015}
}


@inproceedings{irazoqui2015s,
  title={S $\&$ A: A shared cache attack that works across cores and defies VM sandboxing--and its application to AES},
  author={Irazoqui, Gorka and Eisenbarth, Thomas and Sunar, Berk},
  booktitle={2015 IEEE Symposium on Security and Privacy},
  pages={591--604},
  year={2015},
  organization={IEEE}
}

@inproceedings{liu2015last,
  title={Last-level cache side-channel attacks are practical},
  author={Liu, Fangfei and Yarom, Yuval and Ge, Qian and Heiser, Gernot and Lee, Ruby B},
  booktitle={2015 IEEE symposium on security and privacy},
  pages={605--622},
  year={2015},
  organization={IEEE}
}

@inproceedings{ristenpart2009hey,
  title={Hey, you, get off of my cloud: exploring information leakage in third-party compute clouds},
  author={Ristenpart, Thomas and Tromer, Eran and Shacham, Hovav and Savage, Stefan},
  booktitle={Proceedings of the 16th ACM conference on Computer and communications security},
  pages={199--212},
  year={2009}
}

@inproceedings{hund2013practical,
  title={Practical timing side channel attacks against kernel space ASLR},
  author={Hund, Ralf and Willems, Carsten and Holz, Thorsten},
  booktitle={2013 IEEE Symposium on Security and Privacy},
  pages={191--205},
  year={2013},
  organization={IEEE}
}

